<record><leader>00000cas a22000007a 4500</leader><controlfield tag="001">10735407</controlfield><controlfield tag="008">840515d18801920scuwr ne      0    0eng d</controlfield><datafield ind1=" " ind2=" " tag="010"><subfield code="a">sn 84026902 </subfield></datafield><datafield ind1=" " ind2=" " tag="040"><subfield code="a">NPU</subfield><subfield code="b">eng</subfield><subfield code="c">NPU</subfield><subfield code="d">SVN</subfield><subfield code="d">OCLCQ</subfield></datafield><datafield ind1=" " ind2=" " tag="042"><subfield code="a">msc</subfield></datafield><datafield ind1="0" ind2=" " tag="130"><subfield code="a">Georgetown times (Georgetown, S.C. : 1880)</subfield></datafield><datafield ind1="1" ind2="4" tag="245"><subfield code="a">The Georgetown times.</subfield></datafield><datafield ind1=" " ind2=" " tag="260"><subfield code="a">Georgetown, S.C. :</subfield><subfield code="b">Joseph Sessions</subfield></datafield><datafield ind1=" " ind2=" " tag="300"><subfield code="a">v. ;</subfield><subfield code="c">57 cm.</subfield></datafield><datafield ind1=" " ind2=" " tag="310"><subfield code="a">Weekly,</subfield><subfield code="b">Jan. 3 - Mar. 27, 1920</subfield></datafield><datafield ind1=" " ind2=" " tag="321"><subfield code="a">Weekly,</subfield><subfield code="b">1880 - Dec. 31, 1892</subfield></datafield><datafield ind1=" " ind2=" " tag="321"><subfield code="a">Semiweekly,</subfield><subfield code="b">Jan. 4, 1893 - Dec. 24, 1919</subfield></datafield><datafield ind1="1" ind2=" " tag="362"><subfield code="a">Began in 1880.</subfield></datafield><datafield ind1="0" ind2=" " tag="362"><subfield code="a">-Mar. 27, 1920.</subfield></datafield><datafield ind1=" " ind2=" " tag="588"><subfield code="a">Description based on: N.s. vol. 15, no. 26 (Sept. 2, 1880).</subfield></datafield><datafield ind1=" " ind2="4" tag="651"><subfield code="a">Georgetown County (S.C.)</subfield><subfield code="v">Newspapers.</subfield></datafield><datafield ind1=" " ind2=" " tag="752"><subfield code="a">United States</subfield><subfield code="b">South Carolina</subfield><subfield code="c">Georgetown</subfield><subfield code="d">Georgetown.</subfield></datafield><datafield ind1="0" ind2="0" tag="780"><subfield code="t">Times and comet</subfield><subfield code="w">(DLC)sn 93067641</subfield></datafield><datafield ind1="0" ind2="7" tag="785"><subfield code="t">Georgetown index</subfield><subfield code="w">(DLC)sn 92065695</subfield></datafield><datafield ind1="0" ind2="7" tag="785"><subfield code="t">Georgetown times-index</subfield><subfield code="w">(DLC)sn 92065719</subfield></datafield><datafield ind1="1" ind2=" " tag="029"><subfield code="a">AU@</subfield><subfield code="b">000020436935</subfield></datafield></record>